<record><leader>00000cas a22000007a 4500</leader><controlfield tag="001">18056430</controlfield><controlfield tag="008">880608u1961uuuutxuwr ne      0    0eng d</controlfield><datafield ind1=" " ind2=" " tag="010"><subfield code="a">sn 88083679 </subfield></datafield><datafield ind1=" " ind2=" " tag="040"><subfield code="a">PPM</subfield><subfield code="b">eng</subfield><subfield code="c">PPM</subfield><subfield code="d">OCLCQ</subfield></datafield><datafield ind1=" " ind2=" " tag="042"><subfield code="a">msc</subfield></datafield><datafield ind1="0" ind2="0" tag="245"><subfield code="a">Hidalgo County delta news.</subfield></datafield><datafield ind1=" " ind2=" " tag="260"><subfield code="a">Edinburg, Tex. :</subfield><subfield code="b">[s.n.],</subfield><subfield code="c">1961-</subfield></datafield><datafield ind1=" " ind2=" " tag="310"><subfield code="a">Weekly</subfield></datafield><datafield ind1="0" ind2=" " tag="362"><subfield code="a">Vol. 16, no. 37 (Mar. 30, 1961)-</subfield></datafield><datafield ind1=" " ind2=" " tag="752"><subfield code="a">United States</subfield><subfield code="b">Texas</subfield><subfield code="c">Hidalgo</subfield><subfield code="d">Edinburg.</subfield></datafield><datafield ind1="0" ind2="0" tag="780"><subfield code="t">Hidalgo County news</subfield></datafield><datafield ind1="1" ind2=" " tag="029"><subfield code="a">AU@</subfield><subfield code="b">000025802983</subfield></datafield></record>